% Encoding: UTF-8

@Book{buch,
  author    = {Deutsch, Volker and Platte, Michael and Vogt, Manfred},
  title     = {Ultraschallprüfung},
  date      = {2012-11-13},
  publisher = {Springer Berlin Heidelberg},
  isbn      = {978-3-642-63864-0},
  url       = {http://www.ebook.de/de/product/22339427/volker_deutsch_michael_platte_manfred_vogt_ultraschallpruefung.html},
  ean       = {9783642638640},
}

@Online{karldeutsch,
  author  = {Karl Deutsch},
  title   = {ZfP-Basiswissen Ultraschallprüfung},
  url     = {http://www.karldeutsch.de/KD_GENERAL_KnowledgeBase_UT_DE_M1.html},
  urldate = {2018-01-06},
}

@Online{schallgeschwindigkeiten,
  author  = {Karl Deutsch},
  title   = {Tabelle akustischer Materialeigenschaften, Schallgeschwindigkeiten},
  url     = {http://www.karldeutsch.de/KD_GENERAL_Tabelle_AcMatSpec_DE_M1.html},
  urldate = {2018-01-06},
}

@Online{theorie,
  title   = {Werkstoffprüfung},
  url     = {https://de.wikipedia.org/wiki/Werkstoffpr%C3%BCfung},
  urldate = {2018-05-15},
}

@Online{zfp-abgrenzung,
  author  = {Anton Erhard},
  title   = {Aufgaben und Abgrenzung der Zerstörungsfreien Prüfung},
  url     = {http://www.ndt.net/article/dgzfp07/Inhalt/v11.pdf},
  urldate = {2018-06-02},
}

@Online{ultraschall,
  author  = {C. Schindler},
  title   = {Zerstörungsfreie Prüfung mit Ultraschall},
  url     = {http://www.uni-kl.de/fileadmin/kima/pdf/Ultraschallpruefung.pdf},
  urldate = {2018-03-16},
}

@Online{beweis-ellipse,
  title   = {Beweisarchiv: Geometrie: Satz vom Flüstergewölbe},
  url     = {https://de.wikibooks.org/wiki/Beweisarchiv:_Geometrie:_Satz_vom_Fl%C3%BCstergew%C3%B6lbe},
  urldate = {2018-11-01},
}

@Comment{jabref-meta: databaseType:biblatex;}
