% Encoding: UTF-8

@Online{karldeutsch,
  author  = {KARL DEUTSCH Prüf- und Messgerätebau GmbH + Co KG},
  title   = {ZfP-Basiswissen Ultraschallprüfung},
  year    = {2018},
  url     = {http://www.karldeutsch.de/KD_GENERAL_KnowledgeBase_UT_DE_M1.html},
  urldate = {2018-01-06},
}

@Online{schallgeschwindigkeiten,
  author  = {KARL DEUTSCH Prüf- und Messgerätebau GmbH + Co KG},
  title   = {Tabelle akustischer Materialeigenschaften, Schallgeschwindigkeiten},
  year    = {2018},
  url     = {http://www.karldeutsch.de/KD_GENERAL_Tabelle_AcMatSpec_DE_M1.html},
  urldate = {2018-01-06},
}

@Book{nix,
  author    = {Deutsch, Volker and Platte, Michael and Vogt, Manfred},
  title     = {Ultraschallprüfung},
  year      = {2012},
  date      = {2012-11-13},
  publisher = {Springer Berlin Heidelberg},
  isbn      = {978-3-642-63864-0},
  url       = {http://www.ebook.de/de/product/22339427/volker_deutsch_michael_platte_manfred_vogt_ultraschallpruefung.html},
  ean       = {9783642638640},
}

@Online{anwendung,
  url = {https://www.ultraschallprüfung.com/zfp-grundwissen/},
}

@Online{wiki1,
  url = {http://zfp.cbm.bgu.tum.de/mediawiki/index.php/Ultraschall-Schwei%C3%9Fnahtpr%C3%BCfung},
}

@Online{wiki2,
  url = {http://zfp.cbm.bgu.tum.de/mediawiki/index.php/Ultraschall},
}

@Comment{jabref-meta: databaseType:biblatex;}
